<record><leader>00000cas a2200000 i 4500</leader><controlfield tag="001">36919439</controlfield><controlfield tag="008">970516d19011951oruwr ne      0    0eng c</controlfield><datafield ind1=" " ind2=" " tag="010"><subfield code="a">sn 96088366 </subfield><subfield code="z">sn 96088367 </subfield></datafield><datafield ind1=" " ind2=" " tag="040"><subfield code="a">OCN</subfield><subfield code="b">eng</subfield><subfield code="e">rda</subfield><subfield code="c">OCN</subfield><subfield code="d">OCLCQ</subfield><subfield code="d">ORU</subfield><subfield code="d">OCLCQ</subfield><subfield code="d">OCLCF</subfield><subfield code="d">OCLCO</subfield><subfield code="d">ORU</subfield><subfield code="d">OCLCQ</subfield><subfield code="d">OCL</subfield></datafield><datafield ind1=" " ind2=" " tag="019"><subfield code="a">36919455</subfield></datafield><datafield ind1=" " ind2=" " tag="042"><subfield code="a">pcc</subfield></datafield><datafield ind1=" " ind2=" " tag="043"><subfield code="a">n-us-or</subfield></datafield><datafield ind1="0" ind2="0" tag="245"><subfield code="a">Freewater times.</subfield></datafield><datafield ind1="1" ind2=" " tag="246"><subfield code="i">Issue for Jan. 16, 1903 has title:</subfield><subfield code="a">Freewtaer times</subfield></datafield><datafield ind1=" " ind2="1" tag="264"><subfield code="a">Freewater, Oregon :</subfield><subfield code="b">Dodd &amp; Kennedy,</subfield><subfield code="c">[1901]-1951.</subfield></datafield><datafield ind1="2" ind2="1" tag="264"><subfield code="3">&lt;1927&gt;-March 19, 1937 :</subfield><subfield code="a">Freewater, Umatilla County, Oregon :</subfield><subfield code="b">Sanderson and Bean</subfield></datafield><datafield ind1="2" ind2="1" tag="264"><subfield code="3">Mar. 26, 1937-Jan. 27, 1939 :</subfield><subfield code="a">Freewater, Umatilla County, Oregon :</subfield><subfield code="b">Etta Y. Sanderson</subfield></datafield><datafield ind1="2" ind2="1" tag="264"><subfield code="3">Feb. 3, 1939-Sept. 29, 1939 :</subfield><subfield code="a">Freewater, Umatilla County, Oregon :</subfield><subfield code="b">H.P. MacPherson</subfield></datafield><datafield ind1="2" ind2="1" tag="264"><subfield code="3">Oct. 6, 1939-July 30, 1943 :</subfield><subfield code="a">Freewater, Umatilla County, Oregon :</subfield><subfield code="b">Carl C. Webb</subfield></datafield><datafield ind1="2" ind2="1" tag="264"><subfield code="3">Aug. 6, 1943-1950 :</subfield><subfield code="a">Freewater. Oregon :</subfield><subfield code="b">Dale D. Amerman</subfield></datafield><datafield ind1="3" ind2="1" tag="264"><subfield code="3">1951 :</subfield><subfield code="a">Freewater, Oregon :</subfield><subfield code="b">Hermon E. Judd</subfield></datafield><datafield ind1=" " ind2=" " tag="300"><subfield code="a">volumes :</subfield><subfield code="b">illustations</subfield></datafield><datafield ind1=" " ind2=" " tag="310"><subfield code="a">Weekly</subfield></datafield><datafield ind1=" " ind2=" " tag="336"><subfield code="a">text</subfield><subfield code="b">txt</subfield><subfield code="2">rdacontent</subfield></datafield><datafield ind1=" " ind2=" " tag="337"><subfield code="a">unmediated</subfield><subfield code="b">n</subfield><subfield code="2">rdamedia</subfield></datafield><datafield ind1=" " ind2=" " tag="338"><subfield code="a">volume</subfield><subfield code="b">nc</subfield><subfield code="2">rdacarrier</subfield></datafield><datafield ind1="1" ind2=" " tag="362"><subfield code="a">Began in 1901.</subfield><subfield code="z">Cf. Turnbull, George S. History of Oregon newspapers.</subfield></datafield><datafield ind1="1" ind2=" " tag="362"><subfield code="a">Ceased with Volume 51, No. 41 (January 26, 1951).</subfield></datafield><datafield ind1=" " ind2=" " tag="525"><subfield code="a">Has occasional special issues.</subfield></datafield><datafield ind1=" " ind2=" " tag="530"><subfield code="a">Also issued on microfilm from University of Oregon.</subfield></datafield><datafield ind1=" " ind2=" " tag="580"><subfield code="a">Merged with: Milton eagle, to form: Eagle times (Milton-Freewater. Or.).</subfield></datafield><datafield ind1=" " ind2=" " tag="588"><subfield code="a">Description based on: Vol. 2, No. 16 (January 16, 1903); title from masthead.</subfield></datafield><datafield ind1=" " ind2=" " tag="588"><subfield code="a">Latest issue consulted: Volume 51, No. 41 (January 26, 1951).</subfield></datafield><datafield ind1=" " ind2="0" tag="651"><subfield code="a">Milton-Freewater (Or.)</subfield><subfield code="v">Newspapers.</subfield></datafield><datafield ind1=" " ind2="0" tag="651"><subfield code="a">Umatilla County (Or.)</subfield><subfield code="v">Newspapers.</subfield></datafield><datafield ind1=" " ind2="7" tag="651"><subfield code="a">Oregon</subfield><subfield code="z">Umatilla County.</subfield><subfield code="2">fast</subfield><subfield code="0">(OCoLC)fst01212371</subfield></datafield><datafield ind1=" " ind2="7" tag="651"><subfield code="a">Oregon</subfield><subfield code="z">Milton-Freewater.</subfield><subfield code="2">fast</subfield><subfield code="0">(OCoLC)fst01221459</subfield></datafield><datafield ind1=" " ind2="7" tag="655"><subfield code="a">Newspapers.</subfield><subfield code="2">fast</subfield><subfield code="0">(OCoLC)fst01423814</subfield></datafield><datafield ind1=" " ind2=" " tag="752"><subfield code="a">United States</subfield><subfield code="b">Oregon</subfield><subfield code="c">Umatilla</subfield><subfield code="d">Milton-Freewater.</subfield></datafield><datafield ind1="1" ind2="7" tag="785"><subfield code="t">Milton eagle</subfield><subfield code="w">(DLC)sn 96088358</subfield><subfield code="w">(OCoLC)36933797</subfield></datafield><datafield ind1="1" ind2="7" tag="785"><subfield code="t">Eagle times (Milton-Freewater, Or.)</subfield><subfield code="w">(DLC)sn 96088360</subfield><subfield code="w">(OCoLC)36919414</subfield></datafield></record>